@article{vorontsov2020,
  year={2020},
  author = {Воронцов К.В.},
  title = {Вероятностное тематическое моделирование: теория, модели, алгоритмы и проект BigARTM}
}

@article{ElKishky2014,
  doi = {10.14778/2735508.2735519},
  url = {https://doi.org/10.14778/2735508.2735519},
  year = {2014},
  month = nov,
  publisher = {Association for Computing Machinery ({ACM})},
  volume = {8},
  number = {3},
  pages = {305--316},
  author = {Ahmed El-Kishky and Yanglei Song and Chi Wang and Clare R. Voss and Jiawei Han},
  title = {Scalable topical phrase mining from text corpora},
  journal = {Proceedings of the {VLDB} Endowment}
}

@article{shatalov2019,
  year={2019},
  author = {Николай Шаталов},
  title = {Методы обучения без учителя для автоматического выделения составных терминов в текстовых коллекциях.}
}

@article{polushkin,
  author = {Владимир Полушкин},
  title = {Тематические модели для ранжирования рекомендаций текстового контента.}
}

@article{kozlinskiy,
  author = {Козлинский Е.М., Воронцов К.В.},
  title = {Методы тематических классификаций коротких текстовых объявлений}
}

@misc{Tran2023,
  doi = {10.48550/ARXIV.2301.06767},
  url = {https://arxiv.org/abs/2301.06767},
  author = {Tran,  Hanh Thi Hong and Martinc,  Matej and Caporusso,  Jaya and Doucet,  Antoine and Pollak,  Senja},
  keywords = {Computation and Language (cs.CL),  FOS: Computer and information sciences,  FOS: Computer and information sciences,  A.1},
  title = {The Recent Advances in Automatic Term Extraction: A survey},
  publisher = {arXiv},
  year = {2023},
  copyright = {Creative Commons Attribution 4.0 International}
}

@misc{bert,
  doi = {10.48550/ARXIV.1810.04805},
  url = {https://arxiv.org/abs/1810.04805},
  author = {Devlin,  Jacob and Chang,  Ming-Wei and Lee,  Kenton and Toutanova,  Kristina},
  keywords = {Computation and Language (cs.CL),  FOS: Computer and information sciences,  FOS: Computer and information sciences},
  title = {BERT: Pre-training of Deep Bidirectional Transformers for Language Understanding},
  publisher = {arXiv},
  year = {2018},
  copyright = {arXiv.org perpetual,  non-exclusive license}
}

@article{Brown2020LanguageMA,
  title={Language Models are Few-Shot Learners},
  author={Tom B. Brown and Benjamin Mann and Nick Ryder and Melanie Subbiah and Jared Kaplan and Prafulla Dhariwal and Arvind Neelakantan and Pranav Shyam and Girish Sastry and Amanda Askell and Sandhini Agarwal and Ariel Herbert-Voss and Gretchen Krueger and T. J. Henighan and Rewon Child and Aditya Ramesh and Daniel M. Ziegler and Jeff Wu and Clemens Winter and Christopher Hesse and Mark Chen and Eric Sigler and Mateusz Litwin and Scott Gray and Benjamin Chess and Jack Clark and Christopher Berner and Sam McCandlish and Alec Radford and Ilya Sutskever and Dario Amodei},
  journal={ArXiv},
  year={2020},
  volume={abs/2005.14165} }

@incollection{Vorontsov2015,
  doi = {10.1007/978-3-319-26123-2_36},
  url = {https://doi.org/10.1007/978-3-319-26123-2_36},
  year = {2015},
  publisher = {Springer International Publishing},
  pages = {370--381},
  author = {Konstantin Vorontsov and Oleksandr Frei and Murat Apishev and Peter Romov and Marina Dudarenko},
  title = {{BigARTM}: Open Source Library for Regularized Multimodal Topic Modeling of Large Collections},
  booktitle = {Communications in Computer and Information Science}
}
